@book{cyclopedia-puzzle,
    title = {Cyclopedia of 5000 Puzzles Tricks and Conundrums with Answers},
    author = {Sam Loyd},
    isbn = {9780923891787},
    year = {1914},
    keywords = {puzzles}
}

@online{wikipedia-out-of-the-box,
    author = "Wikipedia",
    title = "Thinking outside the box",
    url  = "https://en.wikipedia.org/wiki/Thinking_outside_the_box",
    keywords = "wikipedia"
}

@online{math-puzzles-site,
    author = "mathpuzzle.com",
    title = "Connect the dots",
    url  = "http://www.mathpuzzle.com/dots.html",
    keywords = "math-puzzles-site"
}

@online{math-stackexchange-squared-grid-proof,
    author = "math.stackexchange.com",
    title = "Not lifting your pen on the n×n grid",
    url  = "https://math.stackexchange.com/questions/23193/not-lifting-your-pen-on-the-n-times-n-grid",
    keywords = "math-puzzles-site"
}

@article{covering-path-paper,
	author = {Keszegh, Balázs},
	title = {Covering Paths and Trees for Planar Grids},
	eprint={1311.0452},
	archivePrefix={arXiv},
	primaryClass={math.CO},
	journal = "arXiv",
	year = {2013},
	month = {11},
	keywords = "graph-theory"
}

@online{wolfram-combinatorial-geometry,
    author = "Goodman, Len and Weisstein, Eric W. from MathWorld--A Wolfram Web Resource",
    title = "Combinatorial Geometry",
    url  = "https://mathworld.wolfram.com/CombinatorialGeometry.html",
    keywords = "wolfram"
}


@online{marco-ripà-yt,
    author = "Marco Rip{\`a}",
    title = "Pensiero Creativo: come pensare in modo creativo - Youtube live (in Italian)",
    url  = "https://www.youtube.com/watch?v=rh-ONRXcHok",
    keywords = "youtube"
}

@article{ripà-paper-nxnxn-extension,
	title={The Nine Dots Puzzle Extended to Nxnx…xn Points},
	author={Marco Rip{\`a} and Pablo Remirez},
	journal={viXra},
	year={2013},
	url = "https://vixra.org/pdf/1307.0021v4.pdf"
}

@article{ripà-paper-nxnxn-extension-02,
	title={The nxnxn Dots Problem Optimal Solution},
	author={Marco Ripà},
	journal={Notes on Number Theory and Discrete Mathematics},
    volume = {22},
    number = {2},
    pages = {36—43},
	year= {2017},
	url = "http://nntdm.net/volume-22-2016/number-2/36-43/"
}

@article{ripà-paper-nxnxn-extension-03,
	title={The Rectangular Spiral Solution for the n1 X n2 X … X nk Points Problem},
	author={Marco Ripà},
	journal={Notes on Number Theory and Discrete Mathematics},
    volume = {20},
    number = {1},
    pages = {59-71},
    year = {2014},
	url = "https://vixra.org/abs/1307.0095"
}
